<record><leader>00000cas a2200000Ia 4500</leader><controlfield tag="001">8502064</controlfield><controlfield tag="008">820608d19791980nhu x ne      0   a0eng d</controlfield><datafield ind1=" " ind2=" " tag="010"><subfield code="a">sn 91063130 </subfield></datafield><datafield ind1=" " ind2=" " tag="040"><subfield code="a">NHM</subfield><subfield code="b">eng</subfield><subfield code="c">NHM</subfield><subfield code="d">NVH</subfield><subfield code="d">OCLCF</subfield><subfield code="d">OCLCO</subfield></datafield><datafield ind1="0" ind2="4" tag="245"><subfield code="a">The Commuter crier.</subfield></datafield><datafield ind1=" " ind2=" " tag="260"><subfield code="a">[Durham,N.H. :</subfield><subfield code="b">s.n.],</subfield></datafield><datafield ind1=" " ind2=" " tag="300"><subfield code="a">v.</subfield></datafield><datafield ind1=" " ind2=" " tag="310"><subfield code="a">Irregular.</subfield></datafield><datafield ind1="0" ind2=" " tag="362"><subfield code="a">Vol. 1, no. 1 (Nov. [l979])-v. 2, no. 2 (Oct. 8,l980).</subfield></datafield><datafield ind1="2" ind2="0" tag="610"><subfield code="a">University of New Hampshire</subfield><subfield code="x">Commuters</subfield><subfield code="v">Periodicals.</subfield></datafield><datafield ind1=" " ind2="7" tag="655"><subfield code="a">Periodicals.</subfield><subfield code="2">fast</subfield><subfield code="0">(OCoLC)fst01411641</subfield></datafield><datafield ind1="2" ind2="7" tag="610"><subfield code="a">University of New Hampshire.</subfield><subfield code="2">fast</subfield><subfield code="0">(OCoLC)fst00529401</subfield></datafield><datafield ind1=" " ind2="7" tag="650"><subfield code="a">Commuters.</subfield><subfield code="2">fast</subfield><subfield code="0">(OCoLC)fst00871216</subfield></datafield><datafield ind1="0" ind2="0" tag="785"><subfield code="t">Commuter advocate</subfield><subfield code="w">(DLC)sn 91063131</subfield></datafield></record>